
@inproceedings{oliveira2016disjoint,
  title={Disjoint intersection types},
  author={Oliveira, Bruno C. d. S. and Shi, Zhiyuan and Alpuim, Jo{\~a}o},
  booktitle={Proceedings of the 21st ACM SIGPLAN International Conference on Functional Programming (New York, NY, USA, 2016), ICFP},
  pages={364--377},
  year={2016}
}

@inproceedings{alpuimdisjoint,
  title={Disjoint Polymorphism},
  author={Alpuim, Jo{\~a}o and Oliveira, Bruno C. d. S. and Shi, Zhiyuan},
  booktitle = {Proceedings of the 26th European Symposium on Programming (ESOP 2017)},
  year={2017}
}

@incollection{scharli2003traits,
  title={Traits: Composable units of behaviour},
  author={Sch{\"a}rli, Nathanael and Ducasse, St{\'e}phane and Nierstrasz, Oscar and Black, Andrew P},
  booktitle={ECOOP 2003--Object-Oriented Programming},
  pages={248--274},
  year={2003},
}

@book{cook1989denotational,
  title={A denotational semantics of inheritance and its correctness},
  author={Cook, William and Palsberg, Jens},
  volume={24},
  number={10},
  year={1989},
  publisher={ACM}
}

@article{wadler1998expression,
  title={The expression problem},
  author={Wadler, Philip},
  journal={Java-genericity mailing list},
  year={1998}
}

@article{coppo1981functional,
  title={Functional characters of solvable terms},
  author={Coppo, Mario and Dezani-Ciancaglini, Mariangiola and Venneri, Betti},
  journal={Mathematical Logic Quarterly},
  year={1981},
}

@article{dunfield2014elaborating,
  title={Elaborating intersection and union types},
  author={Dunfield, Joshua},
  journal={Journal of Functional Programming},
  year={2014},
}

@inproceedings{reynolds1991coherence,
  title={The coherence of languages with intersection types},
  author={Reynolds, John C},
  booktitle={International Symposium on Theoretical Aspects of Computer Software},
  pages={675--700},
  year={1991},
  organization={Springer}
}

@incollection{reynolds1997design,
  title={Design of the programming language Forsythe},
  author={Reynolds, John C},
  booktitle={ALGOL-like languages},
  pages={173--233},
  year={1997},
  publisher={Springer}
}

@article{castagna1995calculus,
  title={A calculus for overloaded functions with subtyping},
  author={Castagna, Giuseppe and Ghelli, Giorgio and Longo, Giuseppe},
  journal={Information and Computation},
  year={1995},
}

@article{finally-tagless,
 author = {Carette, Jacques and Kiselyov, Oleg and Shan, Chung-chieh},
 title = {Finally tagless, partially evaluated: Tagless staged interpreters for simpler typed languages},
 journal = {J. Funct. Program.},
 volume = {19},
 number = {5},
 year = {2009}
 }

@inproceedings{oliveira09modular,
  title = "Modular Visitor Components: A Practical Solution to the Expression Families Problem",
  author = {Oliveira, Bruno C. d. S. },
  year = "2009",
  booktitle = "23rd European Conference on Object Oriented Programming (ECOOP)",
  journal = "23rd European Conference on Object Oriented Programming (ECOOP)",
}

@inproceedings{DelawareOS13,
	Author = {Benjamin Delaware and Bruno C. d. S. Oliveira and Tom Schrijvers},
	Booktitle = {The 40th Annual {ACM} {SIGPLAN}-{SIGACT} Symposium on Principles of Programming Languages, {POPL} '13, Rome, Italy - January 23 - 25},
	Title = {Meta-theory {\`a} la carte},
	Year = {2013},
}

@incollection{oliveira2012extensibility,
  title={Extensibility for the Masses},
  author={Oliveira, Bruno C. d. S. and Cook, William R},
  booktitle={ECOOP 2012--Object-Oriented Programming},
  year={2012},
}

@article{swierstra:la-carte,
	Author = {Wouter Swierstra},
	Journal = {Journal of Functional Programming},
	Month = {July},
	Number = {4},
	Pages = {423--436},
	Title = {Data types \`a la carte},
	Volume = {18},
	Year = {2008}
}

@inproceedings{cook1989inheritance,
  title={Inheritance is not subtyping},
  author={Cook, William R and Hill, Walter and Canning, Peter S},
  booktitle={Proceedings of the 17th ACM SIGPLAN-SIGACT symposium on Principles of programming languages},
  pages={125--135},
  year={1989},
  organization={ACM}
}

@inproceedings{kopylov2003dependent,
  title={Dependent intersection: A new way of defining records in type theory},
  author={Kopylov, Alexei},
  booktitle={Logic in Computer Science, 2003. Proceedings. 18th Annual IEEE Symposium on},
  pages={86--95},
  year={2003},
  organization={IEEE}
}

@inproceedings{togersen:2004,
  author    = {Mads Torgersen},
  title     = {{The Expression Problem Revisited}},
  booktitle = {Proc. of the 18th European Conference on Object-Oriented Programming},
  year      = {2004},
  editor    = {Martin Odersky},
  series    = {Lecture Notes in Computer Science},
}

@incollection{oliveira2013feature,
  title={Feature-Oriented programming with object algebras},
  author={Oliveira, Bruno C. d. S. and Van Der Storm, Tijs and Loh, Alex and Cook, William R},
  booktitle={ECOOP 2013--Object-Oriented Programming},
  year={2013}
}

@inproceedings{rendel14attributes,
 author = {Rendel, Tillmann and Brachth\"{a}user, Jonathan Immanuel and Ostermann, Klaus},
 title = {From Object Algebras to Attribute Grammars},
 booktitle = {Proceedings of the 2014 ACM International Conference on Object Oriented Programming Systems Languages \& Applications},
 series = {OOPSLA '14},
 year = {2014}
}

@BOOK{poplcook,
  TITLE = {Anatomy of Programming Languages},
  AUTHOR = {William R. Cook},
  YEAR = {2013},
  url = {http://www.cs.utexas.edu/~wcook/anatomy/}
}

@article{pottinger1980type,
  title={A type assignment for the strongly normalizable $\lambda$-terms},
  author={Pottinger, Garrel},
  journal={To HB Curry: essays on combinatory logic, lambda calculus and formalism},
  pages={561--577},
  year={1980}
}

@inproceedings{benzaken2003cduce,
  title={CDuce: an XML-centric general-purpose language},
  author={Benzaken, V{\'e}ronique and Castagna, Giuseppe and Frisch, Alain},
  booktitle={ACM SIGPLAN Notices},
  volume={38},
  number={9},
  pages={51--63},
  year={2003},
  organization={ACM}
}

@TechReport{scala-overview,
  author =       {Martin Odersky and others},
  title =        {An Overview of the {S}cala Programming Language},
  institution =  {EPFL Lausanne, Switzerland},
  year =         2004,
  number =       {IC/2004/64}
}

@InProceedings{Dunfield07:Stardust,
  author =     {Joshua Dunfield},
  title =      {Refined typechecking with {Stardust}},
  booktitle =  {Programming Languages meets Program Verification (PLPV '07)},
  month =      oct,
  year =       2007,
  editor =     {A. Stump and H. Xi},
  address =    {Freiburg, Germany}
}

@inproceedings{Castagna:2014,
 author = {Castagna, Giuseppe and Nguyen, Kim and Xu, Zhiwu and Im, Hyeonseung and Lenglet, Sergue\"{\i} and Padovani, Luca},
 title = {Polymorphic Functions with Set-theoretic Types: Part 1: Syntax, Semantics, and Evaluation},
 //booktitle = {Proceedings of the 41st ACM SIGPLAN-SIGACT Symposium on Principles of Programming Languages},
 booktitle = {POPL '14},
 year = {2014}
}

@phdthesis{pierce1991programming2,
    author = {Pierce, Benjamin C.},
    title = {Programming with intersection types and bounded polymorphism},
    school = {Carnegie Mellon University},
    //month = {December},
    year = {1991},
}